<record><leader>00000cas a22000007a 4500</leader><controlfield tag="001">14477501</controlfield><controlfield tag="008">861022d190u1920aludr ne      0    0eng d</controlfield><datafield ind1=" " ind2=" " tag="010"><subfield code="a">sn 86050385 </subfield></datafield><datafield ind1=" " ind2=" " tag="040"><subfield code="a">AAR</subfield><subfield code="b">eng</subfield><subfield code="c">AAR</subfield><subfield code="d">CPN</subfield><subfield code="d">NSD</subfield><subfield code="d">OCLCQ</subfield></datafield><datafield ind1=" " ind2=" " tag="042"><subfield code="a">msc</subfield></datafield><datafield ind1="0" ind2="4" tag="245"><subfield code="a">The Selma times.</subfield></datafield><datafield ind1=" " ind2=" " tag="260"><subfield code="a">Selma, Ala. :</subfield><subfield code="b">R.E.L. Neil</subfield></datafield><datafield ind1=" " ind2=" " tag="300"><subfield code="a">v.</subfield></datafield><datafield ind1=" " ind2=" " tag="310"><subfield code="a">Daily (except Mon.),</subfield><subfield code="b">&lt;1912-Feb. 29, 1920&gt;</subfield></datafield><datafield ind1=" " ind2=" " tag="321"><subfield code="a">Weekly,</subfield><subfield code="b">&lt;-1911&gt;</subfield></datafield><datafield ind1="0" ind2=" " tag="362"><subfield code="a">-Feb. 29, 1920.</subfield></datafield><datafield ind1=" " ind2=" " tag="588"><subfield code="a">Description based on: Feb. 2, 1909.</subfield></datafield><datafield ind1=" " ind2=" " tag="752"><subfield code="a">United States</subfield><subfield code="b">Alabama</subfield><subfield code="c">Dallas</subfield><subfield code="d">Selma.</subfield></datafield><datafield ind1="0" ind2="0" tag="780"><subfield code="t">Selma morning times (Selma, Ala. : 1901)</subfield><subfield code="w">(DLC)sn 86050384</subfield></datafield><datafield ind1="0" ind2="7" tag="785"><subfield code="t">Selma journal</subfield><subfield code="w">(DLC)sn 86050386</subfield></datafield><datafield ind1="0" ind2="7" tag="785"><subfield code="t">Selma times-journal</subfield><subfield code="x">1043-9129</subfield><subfield code="w">(DLC)sn 86050387</subfield><subfield code="w">(OCoLC)14480779</subfield></datafield><datafield ind1="1" ind2=" " tag="029"><subfield code="a">AU@</subfield><subfield code="b">000025784292</subfield></datafield></record>